<?xml version="1.0" encoding="UTF-8"?><collection xmlns="http://www.loc.gov/MARC21/slim"><record><leader>00401nam--2200157-i-4500</leader><controlfield tag="001">000009086</controlfield><controlfield tag="002">20161230</controlfield><controlfield tag="005">20170220004706</controlfield><controlfield tag="008">060222s1000------------r-----000-0-eng-d</controlfield><datafield ind1=" " ind2=" " tag="100"><subfield code="a">Cavard, Andre</subfield></datafield><datafield ind1=" " ind2=" " tag="245"><subfield code="a">Les neutrinos solaires</subfield></datafield><datafield ind1=" " ind2=" " tag="260"><subfield code="a">Saclay</subfield><subfield code="b">Service Central De Documentation Du C.A.E</subfield><subfield code="c">1969</subfield></datafield><datafield ind1=" " ind2=" " tag="300"><subfield code="a">46 p</subfield></datafield><datafield ind1=" " ind2=" " tag="490"><subfield code="a">Cea-bib-156</subfield></datafield><datafield ind1=" " ind2=" " tag="852"><subfield code="a">539.123</subfield></datafield><datafield ind1=" " ind2=" " tag="CAT"><subfield code="a">SYS</subfield><subfield code="c">20170220</subfield><subfield code="h">004706</subfield></datafield></record></collection>